<?xml version="1.0" encoding="UTF-8"?><collection xmlns="http://www.loc.gov/MARC21/slim"><record><leader>00406nam--2200145-i-4500</leader><controlfield tag="001">000039526</controlfield><controlfield tag="002">20161230</controlfield><controlfield tag="005">20161230201042</controlfield><controlfield tag="008">060222s1000------------r-----000-0-eng-d</controlfield><datafield ind1=" " ind2=" " tag="080"><subfield code="a">530.145.6</subfield></datafield><datafield ind1=" " ind2=" " tag="100"><subfield code="a">Rojansky,Vladimir</subfield></datafield><datafield ind1=" " ind2=" " tag="245"><subfield code="a">Introductory quantum mechanics.llth.printing</subfield></datafield><datafield ind1=" " ind2=" " tag="260"><subfield code="a">Englewood Cliffs,N.J.Prentice-hall, Inc.,1964. X + 544 P</subfield></datafield><datafield ind1=" " ind2=" " tag="490"><subfield code="a">Prentice-hall Ph.Science</subfield></datafield><datafield ind1=" " ind2=" " tag="852"><subfield code="a">27480</subfield></datafield></record></collection>